<record><leader>00000cas a2200000 a 4500</leader><controlfield tag="001">9315743</controlfield><controlfield tag="008">830316d18711873ohudn ne      0    0eng c</controlfield><datafield ind1=" " ind2=" " tag="010"><subfield code="a">sn 83045112 </subfield></datafield><datafield ind1=" " ind2=" " tag="040"><subfield code="a">CRL</subfield><subfield code="b">eng</subfield><subfield code="c">CRL</subfield><subfield code="d">NPW</subfield><subfield code="d">NPX</subfield><subfield code="d">DLC</subfield><subfield code="d">NPU</subfield><subfield code="d">NPI</subfield><subfield code="d">ONP</subfield><subfield code="d">KNP</subfield><subfield code="d">NVF</subfield><subfield code="d">DLC</subfield><subfield code="d">CRL</subfield><subfield code="d">OCLCQ</subfield><subfield code="d">OCLCF</subfield></datafield><datafield ind1="1" ind2=" " tag="029"><subfield code="a">AU@</subfield><subfield code="b">000020396698</subfield></datafield><datafield ind1=" " ind2=" " tag="042"><subfield code="a">pcc</subfield></datafield><datafield ind1=" " ind2=" " tag="043"><subfield code="a">n-us-oh</subfield></datafield><datafield ind1="0" ind2="0" tag="050"><subfield code="a">Newspaper 9231</subfield></datafield><datafield ind1="0" ind2="0" tag="245"><subfield code="a">Cincinnati times and chronicle.</subfield></datafield><datafield ind1=" " ind2=" " tag="260"><subfield code="a">Cincinnati [Oh.] :</subfield><subfield code="b">Cincinnati Chronicle Co.,</subfield><subfield code="c">1871-1873.</subfield></datafield><datafield ind1=" " ind2=" " tag="300"><subfield code="a">3 v. :</subfield><subfield code="b">ill. (chiefly advertisements) ;</subfield><subfield code="c">70 cm.</subfield></datafield><datafield ind1=" " ind2=" " tag="310"><subfield code="a">Daily (except Sunday)</subfield></datafield><datafield ind1="0" ind2=" " tag="362"><subfield code="a">Vol. 53, no. 10,987 (May 1, 1871)-v. 55, no. 14,362 (July 12, 1873).</subfield></datafield><datafield ind1=" " ind2="0" tag="651"><subfield code="a">Cincinnati (Ohio)</subfield><subfield code="v">Newspapers.</subfield></datafield><datafield ind1=" " ind2="7" tag="655"><subfield code="a">Newspapers.</subfield><subfield code="2">fast</subfield><subfield code="0">(OCoLC)fst01423814</subfield></datafield><datafield ind1=" " ind2="7" tag="651"><subfield code="a">Ohio</subfield><subfield code="z">Cincinnati.</subfield><subfield code="2">fast</subfield><subfield code="0">(OCoLC)fst01205142</subfield></datafield><datafield ind1=" " ind2=" " tag="752"><subfield code="a">United States</subfield><subfield code="b">Ohio</subfield><subfield code="c">Hamilton</subfield><subfield code="d">Cincinnati.</subfield></datafield><datafield ind1="0" ind2=" " tag="775"><subfield code="t">Weekly Cincinnati times</subfield><subfield code="w">(DLC)sn 85025736</subfield><subfield code="w">(OCoLC)11906116</subfield></datafield><datafield ind1="0" ind2="4" tag="780"><subfield code="t">Cincinnati daily chronicle</subfield><subfield code="w">(DLC)sn 84024188</subfield><subfield code="w">(OCoLC)11162858</subfield></datafield><datafield ind1="0" ind2="4" tag="780"><subfield code="t">Cincinnati daily times (Cincinnati, Ohio : 1861)</subfield><subfield code="w">(DLC)sn 83045113</subfield><subfield code="w">(OCoLC)9472637</subfield></datafield><datafield ind1="0" ind2="0" tag="785"><subfield code="t">Cincinnati daily times (Cincinnati, Ohio : 1873)</subfield><subfield code="w">(DLC)sn 83045117</subfield><subfield code="w">(OCoLC)9472901</subfield></datafield></record>